<?xml version="1.0" encoding="utf-8"?>
<record xmlns="http://www.loc.gov/MARC21/slim" xmlns:xsi="http://www.w3.org/2001/XMLSchema-instance" xsi:schemaLocation="http://www.loc.gov/MARC21/slim http://www.loc.gov/standards/marcxml/schema/MARC21slim.xsd">
	<leader>     nam a22     Mi 4500</leader>
	<controlfield tag="001">3206720</controlfield>
	<controlfield tag="003">NjP</controlfield>
	<controlfield tag="006">m        d        </controlfield>
	<controlfield tag="007">cr cn |||m|||a</controlfield>
	<controlfield tag="008">191101s1963    sy b    ob    000 0 arard</controlfield>
	<datafield ind1="7" ind2=" " tag="024">
		<subfield code="a">princeton_aco001945</subfield>
		<subfield code="2">local</subfield>
	</datafield>
	<datafield ind1=" " ind2=" " tag="040">
		<subfield code="a">ZYU</subfield>
		<subfield code="b">ara</subfield>
		<subfield code="c">ZYU</subfield>
	</datafield>
	<datafield ind1="1" ind2=" " tag="100">
		<subfield code="a">Dawālībī, Muḥammad Maʻrūf,</subfield>
		<subfield code="d">1907-</subfield>
		<subfield code="0">http://id.loc.gov/authorities/names/n81092484</subfield>
	</datafield>
	<datafield ind1="1" ind2="3" tag="245">
		<subfield code="a">al-Wajīz fī al-ḥuqūq al-Rūmānīyah wa-tārīkhihā</subfield>
		<subfield code="h">[electronic resource] /</subfield>
		<subfield code="c">taʾlīf Muḥammad Maʻrūf al-Dawālībī.</subfield>
	</datafield>
	<datafield ind1=" " ind2=" " tag="250">
		<subfield code="a">al-Ṭabʻah 5 mazīdah wa-munaqqaḥa.</subfield>
	</datafield>
	<datafield ind1=" " ind2=" " tag="260">
		<subfield code="a">Ḥalab :</subfield>
		<subfield code="b">Maktabat al-Sharq,</subfield>
		<subfield code="c">1963.</subfield>
	</datafield>
	<datafield ind1=" " ind2=" " tag="300">
		<subfield code="a">online resource (2 v. in 1) :</subfield>
		<subfield code="b">map.</subfield>
	</datafield>
	<datafield ind1=" " ind2=" " tag="500">
		<subfield code="a">Part of the Arabic Collections Online (ACO) project, contributed by Princeton University Libraries.</subfield>
	</datafield>
	<datafield ind1=" " ind2=" " tag="504">
		<subfield code="a">Includes bibliographical references.</subfield>
	</datafield>
	<datafield ind1=" " ind2=" " tag="533">
		<subfield code="a">Electronic reproduction.</subfield>
		<subfield code="b">New York, N.Y. :</subfield>
		<subfield code="c">New York University,</subfield>
		<subfield code="d">2019.</subfield>
		<subfield code="5">NNU</subfield>
	</datafield>
	<datafield ind1=" " ind2="0" tag="650">
		<subfield code="a">Roman law.</subfield>
		<subfield code="0">http://id.loc.gov/authorities/subjects/sh85114931</subfield>
	</datafield>
	<datafield ind1="2" ind2=" " tag="710">
		<subfield code="a">Princeton University.</subfield>
		<subfield code="b">Library.</subfield>
	</datafield>
	<datafield ind1="0" ind2=" " tag="730">
		<subfield code="a">Arabic Collections Online.</subfield>
	</datafield>
	<datafield ind1="0" ind2="8" tag="776">
		<subfield code="i">Print version:</subfield>
		<subfield code="a">Dawālībī, Muḥammad Maʻrūf, 1907- http://id.loc.gov/authorities/names/n81092484</subfield>
		<subfield code="t">al-Wajīz fī al-ḥuqūq al-Rūmānīyah wa-tārīkhihā</subfield>
		<subfield code="w">(NjP)3206720</subfield>
		<subfield code="w">(DLC)67001549</subfield>
	</datafield>
	<datafield ind1="4" ind2="0" tag="856">
		<subfield code="u">http://hdl.handle.net/2333.1/fj6q5hdx</subfield>
	</datafield>
	<datafield ind1=" " ind2=" " tag="902">
		<subfield code="a">jab</subfield>
		<subfield code="b">r</subfield>
		<subfield code="c">b</subfield>
		<subfield code="d">v</subfield>
		<subfield code="e">20000728</subfield>
		<subfield code="f">0</subfield>
	</datafield>
	<datafield ind1=" " ind2=" " tag="866">
		<subfield code="0">3528929</subfield>
		<subfield code="a">v. 1-2.</subfield>
	</datafield>
	<datafield ind1=" " ind2=" " tag="959">
		<subfield code="a">2009-10-29 15:52:57 -0400</subfield>
	</datafield>
	<datafield ind1=" " ind2=" " tag="959">
		<subfield code="a">NNU</subfield>
		<subfield code="b">WEB</subfield>
		<subfield code="c">GENI</subfield>
		<subfield code="t">0</subfield>
		<subfield code="m">Electronic access</subfield>
		<subfield code="s">01</subfield>
	</datafield>
	<datafield ind1=" " ind2=" " tag="999">
		<subfield code="i">NjP_3206720</subfield>
		<subfield code="s">princeton_aco001945:vol.1-2</subfield>
		<subfield code="e">(ERROR-880)(ERROR-MISC)</subfield>
	</datafield>
</record>
